@article { Atomicweightsoftheelements2013IUPACTechnicalReport,
      author = "Juris Meija and Tyler B. Coplen and Michael Berglund and Willi A. Brand and Paul De Bièvre and Manfred Gröning and Norman E. Holden and Johanna Irrgeher and Robert D. Loss and Thomas Walczyk and Thomas Prohaska",
      title = "Atomic weights of the elements 2013 (IUPAC Technical Report)",
      journal = "Pure and Applied Chemistry",
      year = "2016",
      publisher = "De Gruyter",
      address = "Berlin, Boston",
      volume = "88",
      number = "3",
      doi = "https://doi.org/10.1515/pac-2015-0305",
      pages= "265 - 291",
      url = "https://www.degruyter.com/view/journals/pac/88/3/article-p265.xml"
}
